% Sample bibliography for the Saucedo arXiv Manuscript System
% This file provides examples of different reference types

@article{reference1,
    author = {Smith, John A. and Johnson, Mary B.},
    title = {A Novel Approach to Machine Learning in Physics},
    journal = {Physical Review Letters},
    volume = {125},
    number = {12},
    pages = {120601},
    year = {2020},
    publisher = {American Physical Society},
    doi = {10.1103/PhysRevLett.125.120601},
    url = {https://doi.org/10.1103/PhysRevLett.125.120601}
}

@article{reference2,
    author = {Anderson, Lisa C. and Brown, David M. and Wilson, Sarah K.},
    title = {Deep Learning Methods for Scientific Computing},
    journal = {Nature Machine Intelligence},
    volume = {3},
    pages = {123--135},
    year = {2021},
    publisher = {Nature Publishing Group},
    doi = {10.1038/s42256-021-00300-4}
}

@inproceedings{reference3,
    author = {Garcia, Carlos E. and Martinez, Rosa L.},
    title = {Quantum Computing Applications in Optimization},
    booktitle = {Proceedings of the International Conference on Machine Learning},
    pages = {2345--2354},
    year = {2022},
    publisher = {PMLR},
    address = {Baltimore, MD},
    url = {https://proceedings.mlr.press/v162/garcia22a.html}
}

@book{reference4,
    author = {Thompson, Robert J.},
    title = {Foundations of Statistical Learning Theory},
    edition = {2nd},
    publisher = {MIT Press},
    address = {Cambridge, MA},
    year = {2021},
    isbn = {978-0-262-04630-7}
}

@article{reference5,
    author = {Lee, Hyun-Jin and Kim, Soo-Young and Park, Min-Ho},
    title = {Advanced Neural Network Architectures for Scientific Applications},
    journal = {Journal of Computational Physics},
    volume = {445},
    pages = {110234},
    year = {2021},
    doi = {10.1016/j.jcp.2021.110234}
}

@article{reference6,
    author = {Patel, Arjun K. and Schmidt, Klaus W.},
    title = {Efficient Algorithms for Large-Scale Optimization},
    journal = {SIAM Journal on Optimization},
    volume = {31},
    number = {3},
    pages = {1876--1901},
    year = {2021},
    doi = {10.1137/20M1345123}
}

@article{reference7,
    author = {Chen, Wei and Zhang, Liu and Wang, Xiaoming},
    title = {Theoretical Analysis of Gradient Descent Methods},
    journal = {Mathematical Programming},
    volume = {189},
    pages = {567--598},
    year = {2021},
    doi = {10.1007/s10107-020-01567-3}
}

@article{reference8,
    author = {MÃ¼ller, Hans and Schneider, Anna and Weber, Thomas},
    title = {Convergence Properties of Stochastic Optimization},
    journal = {Operations Research},
    volume = {69},
    number = {4},
    pages = {1234--1250},
    year = {2021},
    doi = {10.1287/opre.2020.2045}
}

@article{reference9,
    author = {Robinson, Emily F. and Taylor, Michael S.},
    title = {Computational Complexity in Modern Algorithms},
    journal = {ACM Computing Surveys},
    volume = {54},
    number = {6},
    pages = {1--28},
    year = {2021},
    doi = {10.1145/3456789}
}

@article{baseline1,
    author = {Adams, Jennifer L. and Clark, Peter R.},
    title = {Traditional Methods for Problem Solving},
    journal = {IEEE Transactions on Pattern Analysis and Machine Intelligence},
    volume = {43},
    number = {8},
    pages = {2687--2702},
    year = {2021},
    doi = {10.1109/TPAMI.2020.2995678}
}

@article{baseline2,
    author = {Davies, Oliver M. and Evans, Sophie N.},
    title = {Classical Approaches to Optimization Problems},
    journal = {Journal of Machine Learning Research},
    volume = {22},
    pages = {1--45},
    year = {2021},
    url = {http://jmlr.org/papers/v22/20-456.html}
}

@article{baseline3,
    author = {Foster, Alexandra B. and Hughes, Christopher J.},
    title = {Comparative Study of Existing Methods},
    journal = {Artificial Intelligence},
    volume = {298},
    pages = {103512},
    year = {2021},
    doi = {10.1016/j.artint.2021.103512}
}

@article{methoda,
    author = {Kumar, Raj and Singh, Priya},
    title = {Method A: A Specialized Approach},
    journal = {Neural Networks},
    volume = {142},
    pages = {234--248},
    year = {2021},
    doi = {10.1016/j.neunet.2021.05.012}
}

@article{methodb,
    author = {Nakamura, Takeshi and Yamamoto, Yuki},
    title = {Method B: Alternative Solutions},
    journal = {Machine Learning},
    volume = {110},
    number = {7},
    pages = {1789--1815},
    year = {2021},
    doi = {10.1007/s10994-021-05978-3}
}

@article{methodc,
    author = {Rossi, Francesco and Bianchi, Giorgio},
    title = {Method C: Innovative Techniques},
    journal = {Pattern Recognition},
    volume = {118},
    pages = {108045},
    year = {2021},
    doi = {10.1016/j.patcog.2021.108045}
}

@misc{arxiv_example,
    author = {Johnson, Alex M. and Williams, Sarah T.},
    title = {Recent Advances in Deep Learning},
    year = {2022},
    eprint = {2203.12345},
    archivePrefix = {arXiv},
    primaryClass = {cs.LG},
    url = {https://arxiv.org/abs/2203.12345}
}

@inproceedings{conference_example,
    author = {Lopez, Maria and Rodriguez, Juan},
    title = {Novel Applications in Computer Vision},
    booktitle = {Proceedings of the IEEE Conference on Computer Vision and Pattern Recognition},
    pages = {1234--1243},
    year = {2022},
    address = {New Orleans, LA},
    doi = {10.1109/CVPR52688.2022.00123}
}

@techreport{technical_report,
    author = {White, Benjamin K.},
    title = {Technical Analysis of Algorithm Performance},
    institution = {Stanford University},
    type = {Technical Report},
    number = {CS-TR-2022-15},
    year = {2022},
    address = {Stanford, CA}
}

@software{software_reference,
    author = {Open Source Community},
    title = {Scientific Computing Library},
    version = {3.2.1},
    year = {2022},
    url = {https://github.com/example/scientific-lib},
    note = {Software package for scientific computing}
}
